<?xml version="1.0" encoding="UTF-8"?>
<collection
    xmlns:xsi="http://www.w3.org/2001/XMLSchema-instance"
    xsi:schemaLocation="http://www.loc.gov/MARC21/slim http://www.loc.gov/ standards/marcxml/schema/MARC21slim.xsd"
    xmlns="http://www.loc.gov/MARC21/slim">
  <record>
    <leader>00996nam a2200253 a 4500</leader>
    <controlfield tag="008">090603s2007    oru    d      000 1 eng d</controlfield>
    <datafield tag="020" ind1=" " ind2=" ">
      <subfield code="a">9781932664492 (pbk.)</subfield>
    </datafield>
    <datafield tag="020" ind1=" " ind2=" ">
      <subfield code="a">1932664491 (pbk.)</subfield>
    </datafield>
    <datafield tag="040" ind1=" " ind2=" ">
      <subfield code="a">UKM</subfield>
      <subfield code="c">UKM</subfield>
      <subfield code="d">BTCTA</subfield>
      <subfield code="d">BAKER</subfield>
      <subfield code="d">DPL</subfield>
      <subfield code="d">CaOL</subfield>
      <subfield code="b">eng</subfield>
    </datafield>
    <datafield tag="050" ind1=" " ind2=" ">
      <subfield code="a">YGN_OMA 43511</subfield>
    </datafield>
    <datafield tag="100" ind1="1" ind2=" ">
      <subfield code="a">O'Malley, Bryan Lee.</subfield>
      <subfield code="9">14051</subfield>
    </datafield>
    <datafield tag="245" ind1="1" ind2="0">
      <subfield code="a">Scott Pilgrim gets it together</subfield>
      <subfield code="c">[Bryan Lee O'Malley].</subfield>
    </datafield>
    <datafield tag="246" ind1="3" ind2="0">
      <subfield code="a">Gets it together.</subfield>
    </datafield>
    <datafield tag="246" ind1="3" ind2="3">
      <subfield code="a">Scott Pilgrim.</subfield>
      <subfield code="n">Vol. 4.</subfield>
    </datafield>
    <datafield tag="260" ind1=" " ind2=" ">
      <subfield code="a">Portland, Or. :</subfield>
      <subfield code="b">Oni ;</subfield>
      <subfield code="c">2007.</subfield>
    </datafield>
    <datafield tag="300" ind1=" " ind2=" ">
      <subfield code="a">205 p. :</subfield>
      <subfield code="b">chiefly ill. ;</subfield>
      <subfield code="c">19 cm.</subfield>
    </datafield>
    <datafield tag="650" ind1=" " ind2="0">
      <subfield code="a">Pilgrim, Scott (Fictitious character)</subfield>
      <subfield code="v">Fiction.</subfield>
      <subfield code="9">14052</subfield>
    </datafield>
    <datafield tag="650" ind1=" " ind2="0">
      <subfield code="a">Teenagers</subfield>
      <subfield code="v">Fiction.</subfield>
      <subfield code="9">14053</subfield>
    </datafield>
    <datafield tag="650" ind1=" " ind2="1">
      <subfield code="a">Coming of age</subfield>
      <subfield code="v">Fiction.</subfield>
      <subfield code="9">14054</subfield>
    </datafield>
    <datafield tag="650" ind1=" " ind2="0">
      <subfield code="a">Interpersonal relations</subfield>
      <subfield code="v">Fiction.</subfield>
      <subfield code="9">14055</subfield>
    </datafield>
    <datafield tag="655" ind1=" " ind2="7">
      <subfield code="a">Love stories.</subfield>
      <subfield code="2">gsafd.</subfield>
      <subfield code="9">14056</subfield>
    </datafield>
    <datafield tag="655" ind1=" " ind2="0">
      <subfield code="a">Graphic novels.</subfield>
      <subfield code="9">14057</subfield>
    </datafield>
    <datafield tag="942" ind1=" " ind2=" ">
      <subfield code="2">ddc</subfield>
      <subfield code="c">6</subfield>
    </datafield>
    <datafield tag="999" ind1=" " ind2=" ">
      <subfield code="c">34584</subfield>
      <subfield code="d">34584</subfield>
    </datafield>
    <datafield tag="952" ind1=" " ind2=" ">
      <subfield code="w">2011-03-01</subfield>
      <subfield code="p">32107000500210</subfield>
      <subfield code="r">2011-08-24</subfield>
      <subfield code="4">0</subfield>
      <subfield code="e">Donation</subfield>
      <subfield code="0">0</subfield>
      <subfield code="6">YGN_OMA 43511</subfield>
      <subfield code="b">DUR</subfield>
      <subfield code="1">0</subfield>
      <subfield code="o">YGN OMA</subfield>
      <subfield code="d">2011-03-01</subfield>
      <subfield code="7">0</subfield>
      <subfield code="c">Shelves</subfield>
      <subfield code="y">98</subfield>
      <subfield code="s">2011-08-17</subfield>
      <subfield code="l">2</subfield>
      <subfield code="a">DUR</subfield>
    </datafield>
  </record>