
  <record>
    <leader>00818cam a2200205Ia 4500</leader>
    <controlfield tag="008">090603s2009    oru    d      000 1 eng d</controlfield>
    <datafield tag="020" ind1=" " ind2=" ">
      <subfield code="a">9781934964101 (pbk.)</subfield>
    </datafield>
    <datafield tag="040" ind1=" " ind2=" ">
      <subfield code="a">BTCTA</subfield>
      <subfield code="c">BTCTA</subfield>
      <subfield code="d">YDXCP</subfield>
      <subfield code="d">VA@</subfield>
      <subfield code="d">NDD</subfield>
      <subfield code="d">JRG</subfield>
      <subfield code="d">CaOL</subfield>
      <subfield code="b">eng</subfield>
    </datafield>
    <datafield tag="050" ind1=" " ind2=" ">
      <subfield code="a">YGN_OMA 43512</subfield>
    </datafield>
    <datafield tag="100" ind1="1" ind2=" ">
      <subfield code="a">O'Malley, Bryan Lee.</subfield>
      <subfield code="9">14058</subfield>
    </datafield>
    <datafield tag="245" ind1="1" ind2="0">
      <subfield code="a">Scott Pilgrim vs the universe /</subfield>
      <subfield code="c">[Bryan Lee O'Malley]</subfield>
    </datafield>
    <datafield tag="246" ind1="3" ind2="3">
      <subfield code="a">Scott Pilgrim versus the universe.</subfield>
    </datafield>
    <datafield tag="246" ind1="3" ind2="3">
      <subfield code="a">Scott Pilgrim.</subfield>
      <subfield code="n">Vol. 5.</subfield>
    </datafield>
    <datafield tag="260" ind1=" " ind2=" ">
      <subfield code="a">Portland, Or. :</subfield>
      <subfield code="b">Oni Press,</subfield>
      <subfield code="c">2009.</subfield>
    </datafield>
    <datafield tag="300" ind1=" " ind2=" ">
      <subfield code="a">178 p. :</subfield>
      <subfield code="b">chiefly ill. ;</subfield>
      <subfield code="c">19 cm.</subfield>
    </datafield>
    <datafield tag="650" ind1=" " ind2="1">
      <subfield code="a">Coming of age</subfield>
      <subfield code="v">Fiction.</subfield>
      <subfield code="9">14059</subfield>
    </datafield>
    <datafield tag="655" ind1=" " ind2="7">
      <subfield code="a">Love stories.</subfield>
      <subfield code="2">gsafd.</subfield>
      <subfield code="9">14060</subfield>
    </datafield>
    <datafield tag="655" ind1=" " ind2="0">
      <subfield code="a">Graphic novels.</subfield>
      <subfield code="9">14061</subfield>
    </datafield>
    <datafield tag="942" ind1=" " ind2=" ">
      <subfield code="2">ddc</subfield>
      <subfield code="c">6</subfield>
    </datafield>
    <datafield tag="999" ind1=" " ind2=" ">
      <subfield code="c">34585</subfield>
      <subfield code="d">34585</subfield>
    </datafield>
    <datafield tag="952" ind1=" " ind2=" ">
      <subfield code="w">2011-03-01</subfield>
      <subfield code="p">32107000500228</subfield>
      <subfield code="r">2011-08-24</subfield>
      <subfield code="4">0</subfield>
      <subfield code="e">Donation</subfield>
      <subfield code="0">0</subfield>
      <subfield code="6">YGN_OMA 43512</subfield>
      <subfield code="b">DUR</subfield>
      <subfield code="1">0</subfield>
      <subfield code="o">YGN OMA</subfield>
      <subfield code="d">2011-03-01</subfield>
      <subfield code="7">0</subfield>
      <subfield code="c">Shelves</subfield>
      <subfield code="y">98</subfield>
      <subfield code="s">2011-08-23</subfield>
      <subfield code="l">2</subfield>
      <subfield code="a">DUR</subfield>
    </datafield>
  </record>