
  <record>
    <leader>00889 am a2200229Ia 4500</leader>
    <controlfield tag="008">101110s2010    orua   d      000 1 eng d</controlfield>
    <datafield tag="020" ind1=" " ind2=" ">
      <subfield code="a">9781934964385</subfield>
    </datafield>
    <datafield tag="040" ind1=" " ind2=" ">
      <subfield code="a">BTCTA</subfield>
      <subfield code="b">eng</subfield>
      <subfield code="c">BTCTA</subfield>
      <subfield code="d">GK8</subfield>
      <subfield code="d">WIQ</subfield>
      <subfield code="d">CXP</subfield>
      <subfield code="d">CDX</subfield>
      <subfield code="d">YDXCP</subfield>
      <subfield code="d">CaOL</subfield>
    </datafield>
    <datafield tag="050" ind1=" " ind2=" ">
      <subfield code="a">YGN 43513</subfield>
    </datafield>
    <datafield tag="100" ind1="1" ind2=" ">
      <subfield code="a">O'Malley, Bryan Lee.</subfield>
      <subfield code="9">14062</subfield>
    </datafield>
    <datafield tag="245" ind1="1" ind2="0">
      <subfield code="a">Scott Pilgrim in his finest hour /</subfield>
      <subfield code="c">[Bryan Lee O'Malley].</subfield>
    </datafield>
    <datafield tag="246" ind1="1" ind2="4">
      <subfield code="a">Scott Pilgrim's finest hour.</subfield>
    </datafield>
    <datafield tag="246" ind1="3" ind2="3">
      <subfield code="a">Scott Pilgrim.</subfield>
      <subfield code="n">Vol. 6.</subfield>
    </datafield>
    <datafield tag="250" ind1=" " ind2=" ">
      <subfield code="a">1st ed.</subfield>
    </datafield>
    <datafield tag="260" ind1=" " ind2=" ">
      <subfield code="a">Portland, OR :</subfield>
      <subfield code="b">Oni Press,</subfield>
      <subfield code="c">2010.</subfield>
    </datafield>
    <datafield tag="300" ind1=" " ind2=" ">
      <subfield code="a">234 p. :</subfield>
      <subfield code="b">chiefly ill. ;</subfield>
      <subfield code="c">19 cm.</subfield>
    </datafield>
    <datafield tag="650" ind1=" " ind2="0">
      <subfield code="a">Rock groups</subfield>
      <subfield code="v">Fiction.</subfield>
      <subfield code="9">14063</subfield>
    </datafield>
    <datafield tag="651" ind1=" " ind2="0">
      <subfield code="a">Toronto (Ont.)</subfield>
      <subfield code="v">Fiction.</subfield>
      <subfield code="9">14064</subfield>
    </datafield>
    <datafield tag="655" ind1=" " ind2="7">
      <subfield code="a">Graphic books</subfield>
      <subfield code="2">LPL.</subfield>
      <subfield code="9">14065</subfield>
    </datafield>
    <datafield tag="655" ind1=" " ind2="7">
      <subfield code="a">Science fiction</subfield>
      <subfield code="2">gsafd.</subfield>
      <subfield code="9">14066</subfield>
    </datafield>
    <datafield tag="942" ind1=" " ind2=" ">
      <subfield code="2">ddc</subfield>
      <subfield code="c">6</subfield>
    </datafield>
    <datafield tag="999" ind1=" " ind2=" ">
      <subfield code="c">34586</subfield>
      <subfield code="d">34586</subfield>
    </datafield>
    <datafield tag="952" ind1=" " ind2=" ">
      <subfield code="w">2011-03-01</subfield>
      <subfield code="p">32107000500236</subfield>
      <subfield code="r">2011-10-19</subfield>
      <subfield code="4">0</subfield>
      <subfield code="e">Donation</subfield>
      <subfield code="0">0</subfield>
      <subfield code="6">YGN_OMA 43513</subfield>
      <subfield code="b">DUR</subfield>
      <subfield code="1">0</subfield>
      <subfield code="o">YGN OMA</subfield>
      <subfield code="d">2011-03-01</subfield>
      <subfield code="7">0</subfield>
      <subfield code="c">Shelves</subfield>
      <subfield code="y">98</subfield>
      <subfield code="s">2011-07-07</subfield>
      <subfield code="l">1</subfield>
      <subfield code="a">DUR</subfield>
    </datafield>
  </record>