
  <record>
    <leader>01308cam a2200337 a 4500</leader>
    <controlfield tag="001">28113</controlfield>
    <controlfield tag="005">20071204163041.0</controlfield>
    <controlfield tag="007">ta</controlfield>
    <controlfield tag="008">011219s1994    nyua          000 1 eng  </controlfield>
    <datafield tag="010" ind1=" " ind2=" ">
      <subfield code="a">93086736</subfield>
    </datafield>
    <datafield tag="020" ind1=" " ind2=" ">
      <subfield code="a">0895775824</subfield>
    </datafield>
    <datafield tag="040" ind1=" " ind2=" ">
      <subfield code="a">(BRO)</subfield>
    </datafield>
    <datafield tag="050" ind1="0" ind2="0">
      <subfield code="a">PR 4034</subfield>
      <subfield code="b">.E5 1994</subfield>
    </datafield>
    <datafield tag="082" ind1="0" ind2="0">
      <subfield code="a">823/.7</subfield>
      <subfield code="2">20</subfield>
    </datafield>
    <datafield tag="100" ind1="1" ind2=" ">
      <subfield code="a">Austen, Jane.</subfield>
    </datafield>
    <datafield tag="245" ind1="1" ind2="0">
      <subfield code="a">Emma [classic]</subfield>
      <subfield code="c">Jane Austen ; illustrations by C.E. Brock and Joan Hassall ; afterword by Carroll Moulton.</subfield>
    </datafield>
    <datafield tag="250" ind1=" " ind2=" ">
      <subfield code="a">Reader's Digest ed.</subfield>
    </datafield>
    <datafield tag="260" ind1=" " ind2=" ">
      <subfield code="a">Pleasantville, N.Y. :</subfield>
      <subfield code="b">Reader's Digest Assoc.,</subfield>
      <subfield code="c">c1994.</subfield>
    </datafield>
    <datafield tag="300" ind1=" " ind2=" ">
      <subfield code="a">391 p. :</subfield>
      <subfield code="b">col. ill. ;</subfield>
      <subfield code="c">24 cm.</subfield>
    </datafield>
    <datafield tag="490" ind1="0" ind2=" ">
      <subfield code="a">World's best reading.</subfield>
    </datafield>
    <datafield tag="520" ind1=" " ind2=" ">
      <subfield code="a">Located in classic section.</subfield>
    </datafield>
    <datafield tag="650" ind1=" " ind2="0">
      <subfield code="a">Young women</subfield>
      <subfield code="z">England</subfield>
      <subfield code="x">Fiction.</subfield>
    </datafield>
    <datafield tag="651" ind1=" " ind2="0">
      <subfield code="a">England</subfield>
      <subfield code="x">Social life and customs</subfield>
      <subfield code="y">19th century</subfield>
      <subfield code="x">Fiction.</subfield>
    </datafield>
    <datafield tag="700" ind1="1" ind2="0">
      <subfield code="a">Parrish, Stephen Maxfield.</subfield>
    </datafield>
    <datafield tag="852" ind1=" " ind2=" ">
      <subfield code="c">DURHAM</subfield>
      <subfield code="h">Fic</subfield>
      <subfield code="i">Auste</subfield>
      <subfield code="p">28113</subfield>
      <subfield code="a">    </subfield>
    </datafield>
    <datafield tag="852" ind1=" " ind2=" ">
      <subfield code="h">FIC Auste</subfield>
      <subfield code="p">201162</subfield>
      <subfield code="a">    </subfield>
      <subfield code="c">Neustadt</subfield>
    </datafield>
    <datafield tag="961" ind1="w" ind2="l">
      <subfield code="t">2</subfield>
    </datafield>
    <datafield tag="961" ind1="w" ind2="l">
      <subfield code="t">202</subfield>
    </datafield>
    <datafield tag="952" ind1=" " ind2=" ">
      <subfield code="w">2009-10-26</subfield>
      <subfield code="p">32107000281134</subfield>
      <subfield code="v">0.00</subfield>
      <subfield code="r">2011-12-30</subfield>
      <subfield code="4">0</subfield>
      <subfield code="0">0</subfield>
      <subfield code="6">FIC_AUSTE</subfield>
      <subfield code="9">9405</subfield>
      <subfield code="b">DUR</subfield>
      <subfield code="1">0</subfield>
      <subfield code="o">Fic Auste</subfield>
      <subfield code="d">2001-12-19</subfield>
      <subfield code="7">0</subfield>
      <subfield code="c">Shelves</subfield>
      <subfield code="y">2</subfield>
      <subfield code="s">2011-12-14</subfield>
      <subfield code="l">28</subfield>
      <subfield code="a">DUR</subfield>
    </datafield>
    <datafield tag="952" ind1=" " ind2=" ">
      <subfield code="w">2009-10-26</subfield>
      <subfield code="p">35830002011624</subfield>
      <subfield code="v">0.00</subfield>
      <subfield code="r">2011-04-14</subfield>
      <subfield code="4">0</subfield>
      <subfield code="0">0</subfield>
      <subfield code="6">FIC_AUSTE</subfield>
      <subfield code="9">9406</subfield>
      <subfield code="b">NEU</subfield>
      <subfield code="m">2</subfield>
      <subfield code="1">0</subfield>
      <subfield code="o">FIC Auste</subfield>
      <subfield code="d">2004-06-05</subfield>
      <subfield code="q">2011-08-10</subfield>
      <subfield code="7">0</subfield>
      <subfield code="c">Shelves</subfield>
      <subfield code="y">202</subfield>
      <subfield code="s">2011-04-14</subfield>
      <subfield code="l">3</subfield>
      <subfield code="a">NEU</subfield>
    </datafield>
    <datafield tag="999" ind1=" " ind2=" ">
      <subfield code="c">8563</subfield>
      <subfield code="d">8563</subfield>
    </datafield>
  </record>