
  <record>
    <leader>00610cam a2200181u  4500</leader>
    <controlfield tag="005">20071201193550.0</controlfield>
    <controlfield tag="007">ta</controlfield>
    <controlfield tag="008">030521|||||||||||||||||||||||||||||eng|u</controlfield>
    <datafield tag="020" ind1=" " ind2=" ">
      <subfield code="a">019282761</subfield>
    </datafield>
    <datafield tag="050" ind1="0" ind2="0">
      <subfield code="a">PR 4090</subfield>
      <subfield code="b">.E5 1980</subfield>
    </datafield>
    <datafield tag="100" ind1="1" ind2=" ">
      <subfield code="a">Austen, Jane.</subfield>
    </datafield>
    <datafield tag="245" ind1="1" ind2="0">
      <subfield code="a">Sense and Sensibility [classics]</subfield>
    </datafield>
    <datafield tag="260" ind1=" " ind2=" ">
      <subfield code="a">New York, NY</subfield>
      <subfield code="b">Oxford University Press</subfield>
      <subfield code="c">1980</subfield>
    </datafield>
    <datafield tag="300" ind1=" " ind2=" ">
      <subfield code="a">343p</subfield>
    </datafield>
    <datafield tag="520" ind1=" " ind2=" ">
      <subfield code="a">classic section</subfield>
    </datafield>
    <datafield tag="852" ind1=" " ind2=" ">
      <subfield code="p">35525</subfield>
      <subfield code="h">PB FIC AUSTE</subfield>
      <subfield code="c">Durham</subfield>
      <subfield code="a">    </subfield>
    </datafield>
    <datafield tag="961" ind1="w" ind2="l">
      <subfield code="t">76</subfield>
    </datafield>
    <datafield tag="952" ind1=" " ind2=" ">
      <subfield code="w">2009-10-26</subfield>
      <subfield code="p">32107000355250</subfield>
      <subfield code="v">0.00</subfield>
      <subfield code="r">2012-02-14</subfield>
      <subfield code="4">0</subfield>
      <subfield code="0">0</subfield>
      <subfield code="6">PB_FIC_AUSTE</subfield>
      <subfield code="9">19385</subfield>
      <subfield code="b">DUR</subfield>
      <subfield code="1">0</subfield>
      <subfield code="o">PB FIC AUSTE</subfield>
      <subfield code="d">2003-05-21</subfield>
      <subfield code="q">2012-03-06</subfield>
      <subfield code="7">0</subfield>
      <subfield code="c">Shelves</subfield>
      <subfield code="y">76</subfield>
      <subfield code="s">2012-02-14</subfield>
      <subfield code="l">17</subfield>
      <subfield code="a">DUR</subfield>
    </datafield>
    <datafield tag="999" ind1=" " ind2=" ">
      <subfield code="c">16587</subfield>
      <subfield code="d">16587</subfield>
    </datafield>
  </record>