
  <record>
    <leader>00541nam a2200169u  4500</leader>
    <controlfield tag="005">20080916152609.0</controlfield>
    <controlfield tag="007">ta</controlfield>
    <controlfield tag="008">080916|||||||||||||||||||||||||||||eng|u</controlfield>
    <datafield tag="020" ind1=" " ind2=" ">
      <subfield code="a">0439101352</subfield>
    </datafield>
    <datafield tag="050" ind1=" " ind2=" ">
      <subfield code="a">YA 36849</subfield>
    </datafield>
    <datafield tag="100" ind1="1" ind2=" ">
      <subfield code="a">Austen, Jane.</subfield>
    </datafield>
    <datafield tag="245" ind1="1" ind2="0">
      <subfield code="a">Pride and prejudice.</subfield>
      <subfield code="c">Jane Austen.</subfield>
    </datafield>
    <datafield tag="260" ind1=" " ind2=" ">
      <subfield code="a">New York</subfield>
      <subfield code="b">Scholastic</subfield>
      <subfield code="c">2000</subfield>
    </datafield>
    <datafield tag="300" ind1=" " ind2=" ">
      <subfield code="a">405 p.</subfield>
    </datafield>
    <datafield tag="852" ind1=" " ind2=" ">
      <subfield code="h">YA Auste</subfield>
      <subfield code="p">45302</subfield>
      <subfield code="a">    </subfield>
      <subfield code="c">Durham</subfield>
    </datafield>
    <datafield tag="961" ind1="w" ind2="l">
      <subfield code="t">97</subfield>
    </datafield>
    <datafield tag="952" ind1=" " ind2=" ">
      <subfield code="w">2009-10-26</subfield>
      <subfield code="p">32107000453022</subfield>
      <subfield code="v">0.00</subfield>
      <subfield code="r">2012-01-24</subfield>
      <subfield code="4">0</subfield>
      <subfield code="0">0</subfield>
      <subfield code="6">YA_AUSTE</subfield>
      <subfield code="9">36849</subfield>
      <subfield code="b">DUR</subfield>
      <subfield code="1">0</subfield>
      <subfield code="o">YA Auste</subfield>
      <subfield code="d">2008-09-16</subfield>
      <subfield code="7">0</subfield>
      <subfield code="c">Shelves</subfield>
      <subfield code="y">97</subfield>
      <subfield code="s">2012-01-17</subfield>
      <subfield code="l">4</subfield>
      <subfield code="a">DUR</subfield>
    </datafield>
    <datafield tag="999" ind1=" " ind2=" ">
      <subfield code="c">29640</subfield>
      <subfield code="d">29640</subfield>
    </datafield>
  </record>
</collection>